@book{AsmussenHering1983Branching,
	Author = {Asmussen, S. and Hering, H.},
	Publisher = {Birkh{\"a}user Boston, Inc., Boston, MA},
	Series = {Progress in Probability and Statistics},
	Title = {Branching processes},
	Volume = {3},
	Year = {1983}}


@book{AthreyaNey1972Branching,
	Author = {Athreya, K. B. and Ney, P. E.},
	Publisher = {Springer-Verlag, New York-Heidelberg},
	Title = {Branching processes},
	Year = {1972}}

@article{AthreyaNey1974Functionals,
	Author = {Athreya, K. and Ney, P.},
	Journal = {Ann. Probability},
	Pages = {339--343},
	Title = {Functionals of critical multitype branching processes},
	Volume = {2},
	Year = {1974}}


@article{BerestyckiKyprianouMurillo-Salas2011The-prolific,
	Author = {Berestycki, J. and Kyprianou, A. E. and Murillo-Salas, A.},
	Journal = {Stochastic Process. Appl.},
	Number = {6},
	Pages = {1315--1331},
	Title = {The prolific backbone for supercritical superprocesses},
	Volume = {121},
	Year = {2011}}


@article{BertoinFontbonaMartinez2008On-prolific,
	Author = {Bertoin, J. and Fontbona, J. and Mart\'{i}nez, S.},
	Journal = {J. Appl. Probab.},
	Number = {3},
	Pages = {714--726},
	Title = {On prolific individuals in a supercritical continuous-state branching process},
	Volume = {45},
	Year = {2008}}


@article{Borovkov1989Method,
	Author = {Borovkov, K. A.},
	Journal = {Theory of Probability \& Its Applications},
	Number = {1},
	Pages = {105--113},
	Title = {A method of proving limit theorems for branching processes},
	Volume = {33},
	Year = {1989}}

@book{BinghamGoldieTeugels1989Regular,
	Author = {Bingham, N. H. and Goldie, C. M. and Teugels, J. L.},
	Publisher = {Cambridge University Press, Cambridge},
	Series = {Encyclopedia of Mathematics and its Applications},
	Title = {Regular variation},
	Volume = {27},
	Year = {1989}}


@incollection{Dawson1993Measure-valued,
	Author = {Dawson, D. A.},
	Booktitle = {\'{E}cole d'\'{E}t\'{e} de {P}robabilit\'{e}s de {S}aint-{F}lour {XXI}---1991},
	Pages = {1--260},
	Publisher = {Springer, Berlin},
	Series = {Lecture Notes in Math.},
	Title = {Measure-valued {M}arkov processes},
	Volume = {1541},
	Year = {1993}}

@article{DuquesneWinkel2007Growth,
	Author = {Duquesne, Thomas and Winkel, Matthias},
	Journal = {Probab. Theory Related Fields},
	Number = {3-4},
	Pages = {313--371},
	Title = {Growth of {L}{\'e}vy trees},
	Volume = {139},
	Year = {2007}}

@book{Durrett2010Probability,
	Author = {Durrett, Rick},
	Edition = {Fourth},
	Publisher = {Cambridge University Press, Cambridge},
	Series = {Cambridge Series in Statistical and Probabilistic Mathematics},
	Title = {Probability: theory and examples},
	Volume = {31},
	Year = {2010}}


@article{Dynkin1993Superprocesses,
	Author = {Dynkin, E. B.},
	Journal = {Ann. Probab.},
	Number = {3},
	Pages = {1185--1262},
	Title = {Superprocesses and partial differential equations},
	Volume = {21},
	Year = {1993}}

@article{DynkinKuznetsov2004mathbb,
	Author = {Dynkin, E. B. and Kuznetsov, S. E.},
	Journal = {Probab. Theory Related Fields},
	Number = {1},
	Pages = {135--150},
	Title = {{$\mathbb N$}-measures for branching exit {M}arkov systems and their applications to differential equations},
	Volume = {130},
	Year = {2004}}


@article{EckhoffKyprianouWinkel2015Spines,
	Author = {Eckhoff, M. and Kyprianou, A. E. and Winkel, M.},
	Journal = {Ann. Probab.},
	Number = {5},
	Pages = {2545--2610},
	Title = {Spines, skeletons and the strong law of large numbers for superdiffusions},
	Volume = {43},
	Year = {2015}}


@article{EnglanderKyprianou2004Local,
	Author = {Engl{\"a}nder, J. and Kyprianou, A. E.},
	Journal = {Ann. Probab.},
	Number = {1A},
	Pages = {78--99},
	Title = {Local extinction versus local exponential growth for spatial branching processes},
	Volume = {32},
	Year = {2004}}


@article{EnglanderPinsky1999On-the-construction,
	Author = {Engl{\"a}nder, J{\'a}nos and Pinsky, Ross G.},
	Journal = {Ann. Probab.},
	Number = {2},
	Pages = {684--730},
	Title = {On the construction and support properties of measure-valued diffusions on {$D\subseteq{\bf R}^d$} with spatially dependent branching},
	Volume = {27},
	Year = {1999}}


@article{EvansOConnell1994Weighted,
	Author = {Evans, Steven N. and O'Connell, Neil},
	Journal = {Canad. Math. Bull.},
	Number = {2},
	Pages = {187--196},
	Title = {Weighted occupation time for branching particle systems and a representation for the supercritical superprocess},
	Volume = {37},
	Year = {1994}}


@article{EvansPerkins1990Measure-valued,
	Author = {Evans, S. N. and Perkins, E.},
	Journal = {Israel J. Math.},
	Number = {3},
	Pages = {329--337},
	Title = {Measure-valued {M}arkov branching processes conditioned on nonextinction},
	Volume = {71},
	Year = {1990}}


@article{JoffeSpitzer1967On-multitype,
	Author = {Joffe, A. and Spitzer, F.},
	Journal = {J. Math. Anal. Appl.},
	Pages = {409--430},
	Title = {On multitype branching processes with {$\rho \leq 1$}},
	Volume = {19},
	Year = {1967}}


@article{Geiger1999Elementary,
	Author = {Geiger, J.},
	Journal = {J. Appl. Probab.},
	Number = {2},
	Pages = {301--309},
	Title = {Elementary new proofs of classical limit theorems for {G}alton-{W}atson processes},
	Volume = {36},
	Year = {1999}}


@incollection{Geiger2000A-new-proof,
	Author = {Geiger, J.},
	Booktitle = {Mathematics and computer science ({V}ersailles, 2000)},
	Pages = {245--249},
	Publisher = {Birkh{\"a}user, Basel},
	Series = {Trends Math.},
	Title = {A new proof of {Y}aglom's exponential limit law},
	Year = {2000}}


@article{GoldsteinHoppe1978Critical,
	Author = {Goldstein, M. I. and Hoppe, F. M.},
	Journal = {Journal of Mathematical Analysis and Applications},
	Number = {3},
	Pages = {675--686},
	Title = {Critical multitype branching processes with infinite variance},
	Volume = {65},
	Year = {1978}}


@article{HarrisRoberts2017The-many-to-few,
	Author = {Harris, S. C. and Roberts, M. I.},
	Journal = {Ann. Inst. Henri Poincar{\'e} Probab. Stat.},
	Number = {1},
	Pages = {226--242},
	Title = {The many-to-few lemma and multiple spines},
	Volume = {53},
	Year = {2017}}

@book{Harris2002The-theory,
	Author = {Harris, T. E.},
	Publisher = {Dover Publications, Inc., Mineola, NY},
	Series = {Dover Phoenix Editions},
	Title = {The theory of branching processes},
	Year = {2002}}


@article{IyerLegerPego2015Limit,
	Author = {Iyer, G. and Leger, N. and Pego, R. L.},
	Journal = {Ann. Appl. Probab.},
	Number = {2},
	Pages = {675--713},
	Title = {Limit theorems for {S}moluchowski dynamics associated with critical continuous-state branching processes},
	Volume = {25},
	Year = {2015}}


@article{KestenNeySpitzer1966The-Galton-Watson,
	Author = {Kesten, H. and Ney, P. and Spitzer, F.},
	Journal = {Teor. Verojatnost. i Primenen.},
	Pages = {579--611},
	Title = {The {G}alton-{W}atson process with mean one and finite variance},
	Volume = {11},
	Year = {1966}}


@article{KimSong2008Intrinsic,
	Author = {Kim, P. and Song, R.},
	Journal = {Tohoku Math. J. (2)},
	Number = {4},
	Pages = {527--547},
	Title = {Intrinsic ultracontractivity of non-symmetric diffusion semigroups in bounded domains},
	Volume = {60},
	Year = {2008}}


@article{Kolmogorov1938Zur-losung,
	Author = {Kolmogorov, A. N.},
	Journal = {Comm. Math. Mech. Chebyshev Univ. Tomsk},
	Number = {1},
	Pages = {1--12},
	Title = {Zur l{\"o}sung einer biologischen aufgabe},
	Volume = {2},
	Year = {1938}}


@article{Kyprianou2008Continuous,
	Author = {Kyprianou, A. E. and Pardo, J. C.},
	Journal = {Journal of Applied Probability},
	Number = {4},
	Pages = {1140--1160},
	Title = {Continuous-state branching processes and self-similarity},
	Volume = {45},
	Year = {2008}}


@book{Kyprianou2014Fluctuations,
	Author = {Kyprianou, A. E.},
	Edition = {Second},
	Publisher = {Springer, Heidelberg},
	Series = {Universitext},
	Title = {Fluctuations of {L}{\'e}vy processes with applications},
	Year = {2014}}


@incollection{KyprianouPerezRen2014The-backbone,
	Author = {Kyprianou, A. E. and P{\'e}rez, J.-L. and Ren, Y.-X.},
	Booktitle = {S{\'e}minaire de {P}robabilit{\'e}s {XLVI}},
	Pages = {33--59},
	Publisher = {Springer, Cham},
	Series = {Lecture Notes in Math.},
	Title = {The backbone decomposition for spatially dependent supercritical superprocesses},
	Volume = {2123},
	Year = {2014}}

@article{KyprianouRen2012Backbone,
	Author = {Kyprianou, A. E. and Ren, Y.-X.},
	Journal = {Statist. Probab. Lett.},
	Number = {1},
	Pages = {139--144},
	Title = {Backbone decomposition for continuous-state branching processes with immigration},
	Volume = {82},
	Year = {2012}}


@article{KyprianouPardo2008Continuous,
	Author = {Kyprianou, A. E. and Pardo, J. C.},
	Journal = {Journal of Applied Probability},
	Number = {4},
	Pages = {1140--1160},
	Title = {Continuous-state branching processes and self-similarity},
	Volume = {45},
	Year = {2008}}


@article{Lambert2007Quasi-stationary,
	Author = {Lambert, A.},
	Journal = {Electron. J. Probab.},
	Pages = {no. 14, 420--446},
	Title = {Quasi-stationary distributions and the continuous-state branching process conditioned to be never extinct},
	Volume = {12},
	Year = {2007}}


@article{Li2000Asymptotic,
	Author = {Li, Z.},
	Journal = {J. Austral. Math. Soc. Ser. A},
	Number = {1},
	Pages = {68--84},
	Title = {Asymptotic behaviour of continuous time and state branching processes},
	Volume = {68},
	Year = {2000}}


@book{Li2011Measure-valued,
	Author = {Li, Z.},
	Publisher = {Springer, Heidelberg},
	Series = {Probability and its Applications (New York)},
	Title = {Measure-valued branching {M}arkov processes},
	Year = {2011}}

@article{LiuRenSong2009Llog,
	Author = {Liu, R. and Ren, Y.-X. and Song, R.},
	Journal = {J. Appl. Probab.},
	Number = {2},
	Pages = {479--496},
	Title = {{$L\log L$} criterion for a class of superdiffusions},
	Volume = {46},
	Year = {2009}}

@article{LyonsPemantlePeres1995Conceptual,
	Author = {Lyons, R. and Pemantle, R. and Peres, Y.},
	Journal = {Ann. Probab.},
	Number = {3},
	Pages = {1125--1138},
	Title = {Conceptual proofs of {$L\log L$} criteria for mean behavior of branching processes},
	Volume = {23},
	Year = {1995}}

@article{Milos2012Spatial,
	Author = {Mi{\l}o{\'s}, Piotr},
	Journal = {arXiv preprint arXiv:1203.6661},
	Title = {Spatial CLT for the supercritical Ornstein-Uhlenbeck superprocess},
	Year = {2012}}


@article{Pakes2010Critical,
	Author = {Pakes, A. G.},
	Journal = {Adv. in Appl. Probab.},
	Number = {2},
	Pages = {460--488},
	Title = {Critical {M}arkov branching process limit theorems allowing infinite variance},
	Volume = {42},
	Year = {2010}}


@article{Powell2015An-invariance,
	Author = {Powell, E.},
	Journal = {Probab. Theory Related Fields},
	Title = {An invariance principle for branching diffusions in bounded domains},
	Year = {2016}}

@article{RenSongSun2018A-2-spine,
	Author = {Ren, Y.-X. and Song, R. and Sun, Z.},
	Journal = {Electron. Commun. Probab.},
	Number = {42},
	Title = {A 2-spine decomposition of the critical {G}alton-{W}atson tree and a probabilistic proof of {Y}aglom's theorem},
	Volume = {23},
	Year = {2018}}


@article{RenSongSun2018Limit,
	Author = {Ren, Y.-X. and Song, R. and Sun, Z.},
	Journal = {arXiv preprint arXiv:1807.02837},
	Title = {Limit theorems for a class of critical superprocesses with stable branching},
	Year = {2018}}


@article{RenSongSun2017Spine,
	Author = {Ren, Y.-X. and Song, R. and Sun, Z.},
	Journal = {arXiv preprint arXiv:1711.09188},
	Title = {Spine decompositions and limit theorems for a class of critical superprocesses},
	Year = {2017}}

@article{RenSongZhang2015Central,
	Author = {Ren, Y.-X. and Song, R. and Zhang, R.},
	Journal = {Stochastic Process. Appl.},
	Number = {2},
	Pages = {428--457},
	Title = {Central limit theorems for supercritical superprocesses},
	Volume = {125},
	Year = {2015}}

@article{RenSongZhang2015Limit,
	Author = {Ren, Y.-X. and Song, R. and Zhang, R.},
	Journal = {Illinois J. Math.},
	Number = {1},
	Pages = {235--276},
	Title = {Limit theorems for some critical superprocesses},
	Volume = {59},
	Year = {2015}}


@article{RenSongZhang2017Central,
	Author = {Ren, Y.-X. and Song, R. and Zhang, R.},
	Journal = {Ann. Probab.},
	Number = {1},
	Pages = {564--623},
	Title = {Central limit theorems for supercritical branching nonsymmetric {M}arkov processes},
	Volume = {45},
	Year = {2017}}


@article{RenYangZhao2014Conditional,
	Author = {Ren, Y.-X. and Yang, T. and Zhao, G.},
	Journal = {Science China Mathematics},
	Number = {12},
	Pages = {2577--2588},
	Title = {Conditional limit theorems for critical continuous-state branching processes},
	Volume = {57},
	Year = {2014}}


@book{Rudin2006Real,
	Author = {Rudin, W.},
	Publisher = {Tata McGraw-Hill Education},
	Title = {Real and complex analysis},
	Year = {2006}}


@book{Sato2013Levy,
	Author = {Sato, K.},
	Publisher = {Cambridge University Press, Cambridge},
	Series = {Cambridge Studies in Advanced Mathematics},
	Title = {L{\'e}vy processes and infinitely divisible distributions},
	Volume = {68},
	Year = {2013}}


@book{Schaefer1974Banach,
	Author = {Schaefer, H. H.},
	Publisher = {Springer-Verlag, New York-Heidelberg},
	Title = {Banach lattices and positive operators},
	Year = {1974}}


@book{SchillingSongVondracek2012Bernstein,
	Author = {Schilling, R. L. and Song, R. and Vondracek, Z.},
	Publisher = {Walter de Gruyter},
	Title = {Bernstein functions: theory and applications},
	Volume = {37},
	Year = {2012}}


@article{Slack1968A-branching,
	Author = {Slack, R. S.},
	Journal = {Z. Wahrscheinlichkeitstheorie und Verw. Gebiete},
	Pages = {139--145},
	Title = {A branching process with mean one and possibly infinite variance},
	Volume = {9},
	Year = {1968}}


@article{Slack1972Further,
	Author = {Slack, R. S.},
	Journal = {Zeitschrift f{\"u}r Wahrscheinlichkeitstheorie und Verwandte Gebiete},
	Number = {1},
	Pages = {31--38},
	Title = {Further notes on branching processes with mean 1},
	Volume = {25},
	Year = {1972}}


@book{SteinShakarchi2003Complex,
	Author = {Stein, Elias M. and Shakarchi, Rami},
	Publisher = {Princeton University Press, Princeton, NJ},
	Series = {Princeton Lectures in Analysis},
	Title = {Complex analysis},
	Volume = {2},
	Year = {2003}}


@article{Vatutin1977Limit,
	Author = {Vatutin, V. A.},
	Journal = {Sbornik: Mathematics},
	Number = {2},
	Pages = {215--225},
	Title = {Limit theorems for critical Markov branching processes with several types of particles and infinite second moments},
	Volume = {32},
	Year = {1977}}


@inproceedings{VatutinDyakonova2001The-survival,
	Author = {Vatutin, V. A. and Dyakonova, E. E.},
	Number = {1},
	Pages = {2752--2759},
	Title = {The survival probability of a critical multitype {G}alton-{W}atson branching process},
	Volume = {106},
	Year = {2001}}

@article{Yaglom1947Certain,
	Author = {Yaglom, A. M.},
	Journal = {Doklady Akad. Nauk SSSR (N.S.)},
	Pages = {795--798},
	Title = {Certain limit theorems of the theory of branching random processes},
	Volume = {56},
	Year = {1947}}


@article{Zolotarev1957More,
	Author = {Zolotarev, V. M.},
	Journal = {Theory of Probability \& Its Applications},
	Number = {2},
	Pages = {245--253},
	Title = {More exact statements of several theorems in the theory of branching processes},
	Volume = {2},
	Year = {1957}}


@article{Zubkov1975Limit,
	Author = {Zubkov, A. M.},
	Journal = {Teor. Verojatnost. i Primenen.},
	Number = {3},
	Pages = {614--623},
	Title = {Limit distributions of the distance to the nearest common ancestor},
	Volume = {20},
	Year = {1975}}

% vim:ts=4:sw=4
